date,,2022-09-24_FY,2021-09-25_FY,2020-09-26_FY,2019-09-28_FY,2018-09-29_FY,2017-09-30_FY,2016-09-24_FY,2015-09-26_FY,2014-09-27_FY,2013-09-28_FY,2012-09-29_FY,2011-09-24_FY,2010-09-25_FY,2009-09-26_FY,2008-09-27_FY,2007-09-29_FY,2006-09-30_FY,2005-09-24_FY,2004-09-25_FY,2003-09-27_FY,2002-09-28_FY,2001-09-29_FY,2000-09-30_FY,1999-09-25_FY,1998-09-25_FY,1997-09-26_FY,1996-09-27_FY,1995-09-29_FY,1994-09-30_FY,1993-09-30_FY,1992-09-30_FY,1991-09-30_FY,1990-09-30_FY,1989-09-30_FY,1988-09-30_FY,1987-09-30_FY,1986-09-30_FY,1985-09-30_FY
,revenue,394328000000.0,365817000000.0,274515000000.0,260174000000.0,265595000000.0,229234000000.0,215639000000.0,233715000000.0,182795000000.0,170910000000.0,156508000000.0,108249000000.0,65225000000.0,36537000000.0,32479000000.0,24006000000.0,19315000000.0,13931000000.0,8279000000.0,6207000000.0,5742000000.0,5363000000.0,7983000000.0,6134000000.0,5941000000.0,7081000000.0,9833000000.0,11062000000.0,9188748000.0,7977000000.0,7086500000.0,6308800000.0,5558400000.0,5284000000.0,4071400000.0,2661100000.0,1901900000.0,1918300000.0
,costOfRevenue,223546000000.0,212981000000.0,169559000000.0,161782000000.0,163756000000.0,141048000000.0,131376000000.0,140089000000.0,112258000000.0,106606000000.0,87846000000.0,64431000000.0,39541000000.0,23397000000.0,21334000000.0,15852000000.0,13717000000.0,9888000000.0,6020000000.0,4499000000.0,4139000000.0,4128000000.0,5817000000.0,4438000000.0,4462000000.0,5713000000.0,8865000000.0,8204000000.0,6844915000.0,5082700000.0,3774200000.0,3109700000.0,2403500000.0,2570000000.0,1913200000.0,1225700000.0,840000000.0,1076000000.0
,grossProfit,170782000000.0,152836000000.0,104956000000.0,98392000000.0,101839000000.0,88186000000.0,84263000000.0,93626000000.0,70537000000.0,64304000000.0,68662000000.0,43818000000.0,25684000000.0,13140000000.0,11145000000.0,8154000000.0,5598000000.0,4043000000.0,2259000000.0,1708000000.0,1603000000.0,1235000000.0,2166000000.0,1696000000.0,1479000000.0,1368000000.0,968000000.0,2858000000.0,2343833000.0,2894300000.0,3312300000.0,3199100000.0,3154900000.0,2714000000.0,2158200000.0,1435400000.0,1061900000.0,842300000.0
,grossProfitRatio,0.43309630561360085,0.4177935962516778,0.38233247727810865,0.3781776810903472,0.38343718820007905,0.38469860491899105,0.3907595564809705,0.4005990201741437,0.3858803577778386,0.3762448072084723,0.4387123980882766,0.40478895878945764,0.39377539287083174,0.3596354380491009,0.3431448012561963,0.33966508372906773,0.2898265596686513,0.29021606489124974,0.2728590409469743,0.2751731915579185,0.2791710205503309,0.2302815588290136,0.27132656895903795,0.2764916856863384,0.24894798855411546,0.19319305182883773,0.09844401505135768,0.25836195986259264,0.25507642608111575,0.3628306380844929,0.46740986382558386,0.5070853411108294,0.5675913932066782,0.5136260408781226,0.5300879304416172,0.5394009995866371,0.5583364004416635,0.43908669134129175
,ResearchAndDevelopmentExpenses,26251000000.0,21914000000.0,18752000000.0,16217000000.0,14236000000.0,11581000000.0,10045000000.0,8067000000.0,6041000000.0,4475000000.0,3381000000.0,2429000000.0,1782000000.0,1333000000.0,1109000000.0,782000000.0,712000000.0,534000000.0,489000000.0,471000000.0,447000000.0,441000000.0,380000000.0,314000000.0,310000000.0,860000000.0,604000000.0,614000000.0,564303000.0,0.0,0.0,0.0,0.0,0.0,0.0,0.0,0.0,0.0
,GeneralAndAdministrativeExpenses,0.0,0.0,0.0,0.0,0.0,0.0,0.0,0.0,0.0,0.0,0.0,0.0,0.0,0.0,0.0,0.0,0.0,0.0,0.0,0.0,0.0,0.0,0.0,0.0,0.0,0.0,0.0,0.0,0.0,0.0,0.0,0.0,0.0,0.0,0.0,0.0,0.0,0.0
,SellingAndMarketingExpenses,0.0,0.0,0.0,0.0,0.0,0.0,0.0,0.0,0.0,0.0,0.0,0.0,0.0,0.0,0.0,0.0,0.0,0.0,0.0,0.0,0.0,0.0,0.0,0.0,0.0,0.0,0.0,0.0,0.0,0.0,0.0,0.0,0.0,0.0,0.0,0.0,0.0,0.0
,otherExpenses,0.0,0.0,0.0,0.0,0.0,0.0,0.0,0.0,0.0,0.0,0.0,0.0,0.0,0.0,0.0,0.0,0.0,0.0,0.0,0.0,0.0,0.0,0.0,0.0,0.0,0.0,0.0,0.0,0.0,166100000.0,217200000.0,204400000.0,202700000.0,124800000.0,77700000.0,70500000.0,51100000.0,41800000.0
,operatingExpenses,51345000000.0,43887000000.0,38668000000.0,34462000000.0,30941000000.0,26842000000.0,24239000000.0,22396000000.0,18034000000.0,15305000000.0,13421000000.0,10028000000.0,7299000000.0,5482000000.0,4870000000.0,3745000000.0,3145000000.0,2393000000.0,1910000000.0,1683000000.0,1558000000.0,1579000000.0,1546000000.0,1310000000.0,1218000000.0,2146000000.0,2172000000.0,2197000000.0,1948414000.0,2783900000.0,2506600000.0,2751800000.0,2442900000.0,2079700000.0,1537900000.0,1063900000.0,788400000.0,695000000.0
,costAndExpenses,274891000000.0,256868000000.0,208227000000.0,196244000000.0,194697000000.0,167890000000.0,155615000000.0,162485000000.0,130292000000.0,121911000000.0,101267000000.0,74459000000.0,46840000000.0,28879000000.0,26204000000.0,19597000000.0,16862000000.0,12281000000.0,7930000000.0,6182000000.0,5697000000.0,5707000000.0,7363000000.0,5748000000.0,5680000000.0,7859000000.0,11037000000.0,10401000000.0,8793329000.0,7866600000.0,6280800000.0,5861500000.0,4846400000.0,4649700000.0,3451100000.0,2289600000.0,1628400000.0,1771000000.0
,interestExpense,2931000000.0,2645000000.0,2873000000.0,3576000000.0,3240000000.0,2323000000.0,1456000000.0,733000000.0,384000000.0,136000000.0,0.0,0.0,0.0,0.0,0.0,0.0,0.0,0.0,3000000.0,8000000.0,11000000.0,16000000.0,21000000.0,47000000.0,62000000.0,71000000.0,60000000.0,48000000.0,39653000.0,0.0,0.0,0.0,0.0,0.0,0.0,0.0,0.0,0.0
,depreciationAndAmortization,11104000000.0,11284000000.0,11056000000.0,12547000000.0,10903000000.0,10157000000.0,10505000000.0,11257000000.0,7946000000.0,6757000000.0,3277000000.0,1814000000.0,1027000000.0,703000000.0,473000000.0,317000000.0,225000000.0,179000000.0,150000000.0,113000000.0,118000000.0,102000000.0,84000000.0,85000000.0,111000000.0,118000000.0,156000000.0,127000000.0,167958000.0,166100000.0,217200000.0,204400000.0,202700000.0,124800000.0,77700000.0,70500000.0,51100000.0,41800000.0
,EBITDA,133138000000.0,123136000000.0,81020000000.0,81860000000.0,87046000000.0,76569000000.0,73333000000.0,84505000000.0,61813000000.0,57048000000.0,59040000000.0,36019000000.0,19567000000.0,8687000000.0,7368000000.0,5325000000.0,3043000000.0,1994000000.0,536000000.0,214000000.0,216000000.0,78000000.0,1197000000.0,808000000.0,502000000.0,-856000000.0,-1079000000.0,849000000.0,707897000.0,305800000.0,1072700000.0,704100000.0,981200000.0,869100000.0,733900000.0,480900000.0,360900000.0,161800000.0
,EBITDARatio,0.33763263070337385,0.33660546120054563,0.2951386991603373,0.3146355900282119,0.327739603531693,0.33402113124580124,0.34007299236223504,0.3615728558286802,0.3381547635329194,0.3337897138845006,0.3772331126843356,0.3327421038531534,0.29999233422767346,0.23775898404357226,0.22685427507004527,0.22181954511372157,0.1575459487444991,0.14313401765845954,0.0647421186133591,0.03447720315772515,0.03761755485893417,0.014544098452358755,0.14994363021420518,0.1317248125203782,0.08449755933344555,-0.12088688038412654,-0.10973253330621377,0.07674923160368831,0.07703954880469026,0.038335213739501064,0.15137232766527906,0.11160601065178798,0.17652561888313184,0.1644776684330053,0.18025740531512502,0.18071474202397506,0.1897576108102424,0.08434551425741542
,operatingIncome,119437000000.0,108949000000.0,66288000000.0,63930000000.0,70898000000.0,61344000000.0,60024000000.0,71230000000.0,52503000000.0,48999000000.0,55241000000.0,33790000000.0,18385000000.0,7658000000.0,6275000000.0,4409000000.0,2453000000.0,1650000000.0,326000000.0,-1000000.0,17000000.0,-344000000.0,522000000.0,359000000.0,261000000.0,-1070000000.0,-1383000000.0,684000000.0,522274000.0,110400000.0,805700000.0,447300000.0,712000000.0,634300000.0,620300000.0,371500000.0,273500000.0,147300000.0
,operatingIncomeRatio,0.30288744395528594,0.29782377527561593,0.24147314354406862,0.24572017188496928,0.26694026619477024,0.2676042820872994,0.27835410106706115,0.3047729071732666,0.28722339232473537,0.2866947516236616,0.35295959311984054,0.31215068961376086,0.2818704484476811,0.2095957522511427,0.19320176113796608,0.1836624177289011,0.1269997411338338,0.11844088722991888,0.03937673632081169,-0.00016110842597067828,0.0029606408916753742,-0.06414320343091554,0.06538895152198422,0.05852624714704923,0.04393199798013803,-0.15110860048015817,-0.14064883555374758,0.061833303200144636,0.05683842891327524,0.013839789394509213,0.11369505397586961,0.07090096373319807,0.1280944156591825,0.12004163512490537,0.15235545512600088,0.13960392318965842,0.14380356485619644,0.07678673825783246
,totalOtherIncomeExpensesNet,-334000000.0,258000000.0,803000000.0,1807000000.0,2005000000.0,2745000000.0,1348000000.0,1285000000.0,980000000.0,1156000000.0,522000000.0,415000000.0,155000000.0,326000000.0,620000000.0,599000000.0,365000000.0,165000000.0,57000000.0,93000000.0,70000000.0,292000000.0,570000000.0,317000000.0,68000000.0,25000000.0,88000000.0,-10000000.0,-21988000.0,29300000.0,49800000.0,52400000.0,66500000.0,110000000.0,35900000.0,38900000.0,36300000.0,-27300000.0
,incomeBeforeTax,119103000000.0,109207000000.0,67091000000.0,65737000000.0,72903000000.0,64089000000.0,61372000000.0,72515000000.0,53483000000.0,50155000000.0,55763000000.0,34205000000.0,18540000000.0,7984000000.0,6895000000.0,5008000000.0,2818000000.0,1815000000.0,383000000.0,92000000.0,87000000.0,-52000000.0,1092000000.0,676000000.0,329000000.0,-1045000000.0,-1295000000.0,674000000.0,500286000.0,139700000.0,855500000.0,499700000.0,778500000.0,744300000.0,656200000.0,410400000.0,309800000.0,120000000.0
,incomeBeforeTaxRatio,0.30204043334482966,0.2985290459437369,0.24439830246070343,0.2526655238417367,0.27448935409175623,0.27957894553164014,0.284605289395703,0.31027105662880006,0.29258458929401787,0.293458545433269,0.35629488588442765,0.31598444327430275,0.2842468378689153,0.21851821441278704,0.21229101881215554,0.20861451303840706,0.14589697126585555,0.13028497595291078,0.04626162580021742,0.014821975189302401,0.015151515151515152,-0.009696065634905836,0.13679068019541527,0.11020541245516792,0.05537788251136173,-0.14757802570258438,-0.1316993796399878,0.06092930753932381,0.05444550225993792,0.01751284944214617,0.12072250052917519,0.07920682221658636,0.1400582901554404,0.14085919757759274,0.16117306086358502,0.1542219382961933,0.16288974183711025,0.06255538758275557
,incomeTaxExpense,19300000000.0,14527000000.0,9680000000.0,10481000000.0,13372000000.0,15738000000.0,15685000000.0,19121000000.0,13973000000.0,13118000000.0,14030000000.0,8283000000.0,4527000000.0,2280000000.0,2061000000.0,1512000000.0,829000000.0,480000000.0,107000000.0,24000000.0,22000000.0,-15000000.0,306000000.0,75000000.0,20000000.0,0.0,-479000000.0,250000000.0,190108000.0,53100000.0,325100000.0,189900000.0,303600000.0,290300000.0,255900000.0,192900000.0,155800000.0,58800000.0
,netIncome,99803000000.0,94680000000.0,57411000000.0,55256000000.0,59531000000.0,48351000000.0,45687000000.0,53394000000.0,39510000000.0,37037000000.0,41733000000.0,25922000000.0,14013000000.0,5704000000.0,4834000000.0,3496000000.0,1989000000.0,1335000000.0,276000000.0,69000000.0,65000000.0,-25000000.0,786000000.0,601000000.0,309000000.0,-1045000000.0,-816000000.0,424000000.0,310178000.0,86600000.0,530400000.0,309800000.0,474900000.0,454000000.0,400300000.0,217500000.0,154000000.0,61200000.0
,netIncomeRatio,0.2530964070519973,0.2588179335569424,0.20913611278072236,0.21238094505984456,0.22414202074587247,0.21092420845075338,0.211867983064288,0.22845773698735639,0.21614376760852322,0.21670469837926393,0.26665090602397323,0.2394664153941376,0.21484093522422384,0.15611571831294305,0.14883463160811602,0.1456302591018912,0.1029769609112089,0.09582944512238892,0.03333735958449088,0.011116481391976801,0.011320097526994078,-0.004661570016781652,0.09845922585494175,0.09797848059993479,0.05201144588453122,-0.14757802570258438,-0.08298586392759076,0.03832941601880311,0.03375628540471455,0.010856211608374076,0.07484653919424257,0.049106010651787976,0.08543825561312608,0.08591975775927328,0.09831998821044358,0.08173311788358198,0.08097165991902834,0.031903247667205335
,EPS,6.15,5.67,3.31,2.9925,3.0025,2.3175,2.0875,2.32,1.6225,1.429643,1.594286,1.001786,0.550357,0.228214,0.195714,0.144286,0.084286,0.058929,0.013214,0.003393,0.003214,-0.00125,0.043214,0.0375,0.020893,-0.074018,-0.058839,0.030804,0.023304,0.006607,0.03875,0.023036,0.03375,0.031607,0.0275,0.014821,0.010714,0.004464
,EPSDiluted,6.11,5.61,3.28,2.9725,2.9775,2.3025,2.0775,2.305,1.6125,1.419643,1.576786,0.988571,0.541071,0.224643,0.191429,0.140357,0.081071,0.055714,0.012679,0.003393,0.003214,-0.00125,0.038929,0.032232,0.01875,-0.074018,-0.058839,0.030804,0.023304,0.006607,0.03875,0.023036,0.03375,0.031607,0.0275,0.014821,0.010714,0.004464
,weightedAverageShsOut,16215963000.0,16701272000.0,17352119000.0,18471336000.0,19821508000.0,20868968000.0,21883280000.0,23013684000.0,24342288000.0,25909268000.0,26174904000.0,25879224000.0,25464908000.0,25004448000.0,24684576000.0,24208660000.0,23633624000.0,22636292000.0,20809040000.0,20195336000.0,19881232000.0,19354328000.0,18175808000.0,16033584000.0,14781088000.0,14118944000.0,13858208000.0,13781264000.0,13298320000.0,13107027027.0,13687741935.0,13448682171.0,14071111111.0,14363841808.0,14556363636.0,14674698795.0,14373333333.0,13708800000.0
,weightedAverageShsOutDil,16325819000.0,16864919000.0,17528214000.0,18595652000.0,20000436000.0,21006768000.0,22001124000.0,23172276000.0,24490652000.0,26086536000.0,26469940000.0,26226060000.0,25891936000.0,25396140000.0,25259892000.0,24900176000.0,24570728000.0,23989840000.0,21689416000.0,20354096000.0,20259960000.0,19354328000.0,20178144000.0,19506368000.0,18806704000.0,14118944000.0,13858208000.0,13781264000.0,13306720000.0,13107027027.0,13687741935.0,13448682171.0,14071111111.0,14363841808.0,14556363636.0,14674698795.0,14373333333.0,13708800000.0
