date,,2023-01-29_FY,2022-01-30_FY,2021-01-31_FY,2020-01-26_FY,2019-01-27_FY,2018-01-28_FY,2017-01-29_FY,2016-01-31_FY,2015-01-25_FY,2014-01-26_FY,2013-01-27_FY,2012-01-29_FY,2011-01-30_FY,2010-01-31_FY,2009-01-31_FY,2008-01-31_FY,2007-01-28_FY,2006-01-29_FY,2005-01-30_FY,2004-01-31_FY,2003-01-26_FY,2002-01-27_FY,2001-01-28_FY,2000-01-30_FY,1999-01-31_FY
,revenue,26974000000.0,26914000000.0,16675000000.0,10918000000.0,11716000000.0,9714000000.0,6910000000.0,5010000000.0,4681507000.0,4130162000.0,4280159000.0,3997930000.0,3543309000.0,3326445000.0,3424859000.0,4097860000.0,3068771000.0,2375687000.0,2010033000.0,1822945000.0,1909447000.0,1369471000.0,735264000.0,374500000.0,151400000.0
,costOfRevenue,11618000000.0,9439000000.0,6279000000.0,4150000000.0,4545000000.0,3892000000.0,2847000000.0,2199000000.0,2082030000.0,1862399000.0,2053816000.0,1941413000.0,2134219000.0,2149522000.0,2250590000.0,2228580000.0,1768322000.0,1464892000.0,1360547000.0,1294067000.0,1333435000.0,850233000.0,444262000.0,225900000.0,103200000.0
,grossProfit,15356000000.0,17475000000.0,10396000000.0,6768000000.0,7171000000.0,5822000000.0,4063000000.0,2811000000.0,2599477000.0,2267763000.0,2226343000.0,2056517000.0,1409090000.0,1176923000.0,1174269000.0,1869280000.0,1300449000.0,910795000.0,649486000.0,528878000.0,576012000.0,519238000.0,291002000.0,148600000.0,48200000.0
,grossProfitRatio,0.5692889449099132,0.6492903321691313,0.623448275862069,0.619893753434695,0.6120689655172413,0.5993411570928556,0.5879884225759768,0.5610778443113772,0.5552650033418726,0.5490736198725377,0.5201542746426009,0.5143954496451913,0.39767629636591106,0.3538080443235947,0.34286637785672347,0.4561600445110375,0.4237686683040214,0.3833817333680742,0.32312205819506445,0.2901228506619783,0.30166430385341936,0.3791522419970923,0.39577893110501805,0.3967957276368491,0.31836195508586523
,,,,,,,,,,,,,,,,,,,,,,,,,,,,,,,,,,,,,,,,,,,,,,,,,,,,,,,,,,,,,,,,,,,,,,,,,,,,,,,,,,,,,,,,,,,,,,,,,,,,,
COST And EXPENSES,,,,,,,,,,,,,,,,,,,,,,,,,,,,,,,,,,,,,,,,,,,,,,,,,,,,,,,,,,,,,,,,,,,,,,,,,,,,,,,,,,,,,,,,,,,,,,,,,,,,,
,ResearchAndDevelopmentExpenses,7339000000.0,5268000000.0,3924000000.0,2829000000.0,2376000000.0,1797000000.0,1463000000.0,1331000000.0,1359725000.0,1335834000.0,1147282000.0,1002605000.0,848830000.0,908851000.0,855879000.0,691637000.0,553467000.0,352099000.0,335104000.0,269972000.0,224873000.0,153920000.0,86438000.0,47400000.0,25100000.0
,GeneralAndAdministrativeExpenses,0.0,0.0,0.0,0.0,0.0,0.0,0.0,0.0,0.0,0.0,0.0,0.0,0.0,0.0,0.0,0.0,0.0,0.0,0.0,0.0,0.0,0.0,0.0,0.0,0.0
,SellingAndMarketingExpenses,0.0,0.0,0.0,0.0,0.0,0.0,0.0,0.0,0.0,0.0,0.0,0.0,0.0,0.0,0.0,0.0,0.0,0.0,0.0,0.0,0.0,0.0,0.0,0.0,0.0
,otherExpenses,0.0,0.0,0.0,0.0,0.0,0.0,0.0,0.0,0.0,0.0,0.0,0.0,-114000000.0,0.0,0.0,0.0,0.0,14158000.0,0.0,0.0,0.0,16371000.0,15836000.0,9700000.0,6500000.0
,operatingExpenses,9779000000.0,7434000000.0,5864000000.0,3922000000.0,3367000000.0,2612000000.0,2126000000.0,1933000000.0,1840488000.0,1771536000.0,1578104000.0,1408218000.0,1153343000.0,1275868000.0,1218101000.0,1032934000.0,846997000.0,570698000.0,535893000.0,435221000.0,432026000.0,267476000.0,160711000.0,94200000.0,50500000.0
,costAndExpenses,21397000000.0,16873000000.0,12143000000.0,8072000000.0,7912000000.0,6504000000.0,4973000000.0,4132000000.0,3922518000.0,3633935000.0,3631920000.0,3349631000.0,3287562000.0,3425390000.0,3468691000.0,3261514000.0,2615319000.0,2035590000.0,1896440000.0,1729288000.0,1765461000.0,1117709000.0,604973000.0,320100000.0,153700000.0
,interestExpense,262000000.0,236000000.0,184000000.0,52000000.0,58000000.0,61000000.0,58000000.0,47000000.0,46133000.0,10443000.0,3294000.0,3089000.0,3127000.0,3320000.0,0.0,0.0,0.0,0.0,0.0,0.0,0.0,0.0,0.0,0.0,0.0
,,,,,,,,,,,,,,,,,,,,,,,,,,,,,,,,,,,,,,,,,,,,,,,,,,,,,,,,,,,,,,,,,,,,,,,,,,,,,,,,,,,,,,,,,,,,,,,,,,,,,
EBITDA,,,,,,,,,,,,,,,,,,,,,,,,,,,,,,,,,,,,,,,,,,,,,,,,,,,,,,,,,,,,,,,,,,,,,,,,,,,,,,,,,,,,,,,,,,,,,,,,,,,,,
,depreciationAndAmortization,1544000000.0,1174000000.0,1098000000.0,381000000.0,262000000.0,199000000.0,187000000.0,197000000.0,220125000.0,239148000.0,226235000.0,204205000.0,186989000.0,196664000.0,185023000.0,133192000.0,107562000.0,97977000.0,102597000.0,82688000.0,58216000.0,43497000.0,15836000.0,9700000.0,6500000.0
,EBITDA,5987000000.0,11351000000.0,5691000000.0,3403000000.0,4216000000.0,3456000000.0,2150000000.0,987000000.0,1021094000.0,759845000.0,891568000.0,870690000.0,461285000.0,117690000.0,142069000.0,1034533000.0,602746000.0,458198000.0,228042000.0,169361000.0,208773000.0,296246000.0,162800000.0,65900000.0,11000000.0
,EBITDARatio,0.22195447467932083,0.42175076168536824,0.34128935532233884,0.3116871221835501,0.3598497780812564,0.355775169857937,0.3111432706222865,0.19700598802395208,0.218112244625502,0.18397462375567836,0.20830254203173293,0.21778520384298874,0.13018480747798175,0.03538011300352178,0.04148170771409859,0.25245689213394307,0.19641283106494423,0.192869683590473,0.11345186870066312,0.09290516170262954,0.10933689178070928,0.21632148471928211,0.2214170692431562,0.1759679572763685,0.0726552179656539
,,,,,,,,,,,,,,,,,,,,,,,,,,,,,,,,,,,,,,,,,,,,,,,,,,,,,,,,,,,,,,,,,,,,,,,,,,,,,,,,,,,,,,,,,,,,,,,,,,,,,
INCOME,,,,,,,,,,,,,,,,,,,,,,,,,,,,,,,,,,,,,,,,,,,,,,,,,,,,,,,,,,,,,,,,,,,,,,,,,,,,,,,,,,,,,,,,,,,,,,,,,,,,,
,operatingIncome,5577000000.0,10041000000.0,4532000000.0,2846000000.0,3804000000.0,3210000000.0,1934000000.0,747000000.0,758989000.0,496227000.0,648239000.0,648299000.0,255747000.0,-98945000.0,-70700000.0,836346000.0,453452000.0,340097000.0,113593000.0,90157000.0,143986000.0,241732000.0,130291000.0,54400000.0,-2300000.0
,operatingIncomeRatio,0.20675465262845702,0.3730772088875678,0.271784107946027,0.2606704524638212,0.3246841925571868,0.3304508956145769,0.27988422575976846,0.14910179640718563,0.16212493113862694,0.12014710318868849,0.15145208390622872,0.16215866711022955,0.07217744769084491,-0.02974496797632307,-0.020643185602677364,0.20409335604437437,0.14776338801428976,0.14315732670170775,0.05651300252284415,0.04945678558596118,0.07540717286209044,0.17651487326128118,0.17720301823562692,0.145260347129506,-0.015191545574636724
,totalOtherIncomeExpensesNet,-1396000000.0,-100000000.0,-123000000.0,124000000.0,92000000.0,-14000000.0,-29000000.0,-4000000.0,-4153000.0,14027000.0,13800000.0,15097000.0,15422000.0,16651000.0,27746000.0,64995000.0,41028000.0,20124000.0,11852000.0,-3484000.0,6571000.0,11017000.0,16673000.0,1800000.0,6800000.0
,incomeBeforeTax,4181000000.0,9941000000.0,4409000000.0,2970000000.0,3896000000.0,3196000000.0,1905000000.0,743000000.0,754836000.0,510254000.0,662039000.0,663396000.0,271169000.0,-82294000.0,-42954000.0,901341000.0,494480000.0,360221000.0,125445000.0,86673000.0,150557000.0,252749000.0,146964000.0,56200000.0,4500000.0
,incomeBeforeTaxRatio,0.15500111218210127,0.36936167050605634,0.26440779610194903,0.27202784392745927,0.33253670194605667,0.3290096767551987,0.27568740955137483,0.14830339321357286,0.1612378236324329,0.1235433380095018,0.15467626319489533,0.16593487129589563,0.0765298764516445,-0.02473932381265886,-0.01254183018921363,0.2199540735896297,0.1611329095589081,0.15162813956552357,0.062409423128874,0.04754559243422045,0.07884848335669961,0.18455958541655865,0.1998792270531401,0.1500667556742323,0.029722589167767502
,incomeTaxExpense,-187000000.0,189000000.0,77000000.0,174000000.0,-245000000.0,149000000.0,239000000.0,129000000.0,124249000.0,70264000.0,99503000.0,82306000.0,18023000.0,-14307000.0,-12913000.0,103696000.0,46350000.0,57635000.0,25089000.0,12254000.0,59758000.0,75825000.0,47027000.0,18100000.0,400000.0
,netIncome,4368000000.0,9752000000.0,4332000000.0,2796000000.0,4141000000.0,3047000000.0,1666000000.0,614000000.0,630587000.0,439990000.0,562536000.0,581090000.0,253146000.0,-67987000.0,-30041000.0,797645000.0,448834000.0,302586000.0,100356000.0,74419000.0,90799000.0,176924000.0,99937000.0,38100000.0,4100000.0
,netIncomeRatio,0.16193371394676356,0.3623393029649996,0.25979010494752625,0.2560908591317091,0.35344827586206895,0.3136709903232448,0.2410998552821997,0.12255489021956088,0.13469743823943872,0.10653093026375236,0.13142876234270737,0.14534771744377714,0.0714433880872371,-0.020438335820974044,-0.008771455992786857,0.19464915834118296,0.1462585510616465,0.12736778877015364,0.0499275385030992,0.04082350262898771,0.04755251127682517,0.1291914907289019,0.13591988727858292,0.10173564753004005,0.027080581241743725
,,,,,,,,,,,,,,,,,,,,,,,,,,,,,,,,,,,,,,,,,,,,,,,,,,,,,,,,,,,,,,,,,,,,,,,,,,,,,,,,,,,,,,,,,,,,,,,,,,,,,
EPS,,,,,,,,,,,,,,,,,,,,,,,,,,,,,,,,,,,,,,,,,,,,,,,,,,,,,,,,,,,,,,,,,,,,,,,,,,,,,,,,,,,,,,,,,,,,,,,,,,,,,
,EPS,1.76,3.91,1.755,1.1475,1.7025,1.2725,0.77,0.2825,0.285,0.1875,0.2275,0.24,0.11,-0.03,-0.0125,0.3625,0.211773,0.148408,0.050025,0.038353,0.049191,0.103385,0.063782,0.02668,0.005833
,EPSDiluted,1.74,3.85,1.725,1.13,1.6575,1.205,0.6425,0.27,0.28,0.185,0.225,0.235,0.1075,-0.03,-0.0125,0.3275,0.191763,0.137569,0.047524,0.035851,0.045023,0.085876,0.05211,0.022095,0.003125
,weightedAverageShsOut,2487000000.0,2496000000.0,2468000000.0,2436000000.0,2432000000.0,2396000000.0,2164000000.0,2172000000.0,2209276000.0,2351572000.0,2477296000.0,2414584000.0,2300708000.0,2198296000.0,2192504000.0,2200432000.0,2113367316.0,2035262368.0,1991748124.0,1930122940.0,1841235384.0,1715322340.0,1571190404.0,1428035982.0,699120000.0
,weightedAverageShsOutDil,2507000000.0,2535000000.0,2512000000.0,2472000000.0,2500000000.0,2528000000.0,2596000000.0,2276000000.0,2252272000.0,2378068000.0,2499828000.0,2465484000.0,2354736000.0,2198296000.0,2192504000.0,2426928000.0,2347850076.0,2194314844.0,2117637180.0,2071448276.0,2019706148.0,2051862068.0,1910572712.0,1724411053.0,1314864000.0
